@book{ShortAdams2017,
  author    = {Short, Tanya and Adams, Tarn},
  title     = {Procedural Generation in Game Design},
  publisher = {CRC Press},
  year      = {2017},
  note      = {Kindle Edition}
}

@misc{unity_docs,
  author       = {{Unity Technologies}},
  title        = {Unity Documentation},
  howpublished = {\url{https://docs.unity3d.com/}},
  note         = {Accessed: 10 February 2025}
}